@book{haykin_2007, place={Chichester}, title={An introduction to analog and digital communications}, publisher={John Wiley &amp; Sons}, author={Haykin, Simon}, year={2007}} 

@article{hahn2022method,                        
author={hahn, hans-peter},                      
journal={journal of the audio engineering society},                       
title={method for noise reduction in receiving fm stereo signals},                       
year={2022},                      
volume={70},                      
number={3},                      
pages={208-238},                      
doi={https://doi.org/10.17743/jaes.2021.0064},                      
month={march},} 

@ARTICLE{8002585,  author={Albiol, Alberto and Corbi, Alberto and Burgos, Daniel},  journal={IEEE Access},   title={Design of a Remote Signal Processing Student Lab},   year={2017},  volume={5},  number={},  pages={16068-16076},  doi={10.1109/ACCESS.2017.2736165}}

@misc{dspguru, url={https://web.archive.org/web/20220320120511/https://dspguru.com/dsp/faqs/fir/properties/}, journal={Dspguru.com}} 

@misc{chaudhari_2022, title={Why FIR filters have linear phase}, url={https://wirelesspi.com/why-fir-filters-have-linear-phase/?doing_wp_cron=1665969513.2905910015106201171875}, journal={Wireless Pi}, author={Chaudhari, Qasim}, year={2022}, month={Aug}} 

@misc{transition_widths, title={GNU radio low pass filter doesn't work as expected with different transition widths}, url={https://dsp.stackexchange.com/questions/80865/gnu-radio-low-pass-filter-doesnt-work-as-expected-with-different-transition-wid}, journal={Signal Processing Stack Exchange}, author={leonboe1 and leonboe1leonboe1 and Dan BoschenDan Boschen}, year={1969}, month={Apr}} 

@misc{pll_ref_out-gnuradio, title={Pll Ref Out}, url={https://wiki.gnuradio.org/index.php/PLL_Ref_Out}, journal={PLL Ref Out - GNU Radio}} 

@misc{decimating_fir_filter-gnuradio, title={Decimating fir filter}, url={https://wiki.gnuradio.org/index.php?title=Decimating_FIR_Filter}, journal={Decimating FIR Filter - GNU Radio}}

@misc{dspguru_2017, title={FIR filter properties}, url={https://web.archive.org/web/20220320120511/https://dspguru.com/dsp/faqs/fir/properties/}, journal={dspGuru}, year={2017}, month={Mar}} 

@misc{transmission_standards_for_fm_sound_broadcasting_at_vhf, url={https://personal.utdallas.edu/~dlm/3350%20comm%20sys/ITU%20std%20on%20FM%20--%20R-REC-BS.450-3-200111-I!!PDF-E.pdf}}

@misc{notes, title={PLL Phase locked loop tutorial &amp; primer}, url={https://www.electronics-notes.com/articles/radio/pll-phase-locked-loop/tutorial-primer-basics.php}, journal={Electronics Notes}, author={Notes, Electronics}} 

@misc{anintroductiontofmmpx, url={http://www.smoke.com.au/~ic/mpx.html}, journal={An introduction to FM MPX}} 

@misc{jayesparmarja, 
title={Group delay of the FIR filter}, url={https://dsp.stackexchange.com/questions/18435/group-delay-of-the-fir-filter}, 
journal={Signal Processing Stack Exchange}, 
author={Jayesh ParmarJayesh Parmar and Matt L.Matt L. and VikasyVikasy and pulkitpulkit and Rudheesh RaghavRudheesh Raghav 1}, 
year={1962}, 
month={Jan}} 

@misc{nutsandvoltsmagazine, title={FM reception with the GNU radio companion}, url={https://www.nutsvolts.com/magazine/article/fm-reception-with-the-gnu-radio-companion}, journal={Nuts and Volts Magazine}} 

@misc{transition_width, url={https://discuss-gnuradio.gnu.narkive.com/WLVcdayW/transition-width}, journal={[discuss-gnuradio] transition width}} 

@misc{fwd:transitionwidth, url={https://lists.gnu.org/archive/html/discuss-gnuradio/2017-11/msg00018.html}, journal={[discuss-gnuradio] FWD: Transition width}} 

@misc{person, title={Phase-locked loop (PLL) fundamentals}, url={https://www.analog.com/en/analog-dialogue/articles/phase-locked-loop-pll-fundamentals.html}, journal={Phase-Locked Loop (PLL) Fundamentals | Analog Devices}, author={Person}} 

@misc{der, url={https://cdn.weka-fachmedien.de/whitepaper/files/005_fmtutorial.pdf}, journal={Frequency Modulation (FM) Tutorial }, publisher={Silicon Laboratories Inc. }, author={Der, Lawrence}} 

@misc{auburnuniversitysamuelginncollegeofengineering-inalabama, url={https://www.eng.auburn.edu/~troppel/courses/TIMS-manuals-r5/}, journal={Auburn University Samuel Ginn college of engineering - in Alabama}} 